@Book{xie2015,
  title = {Dynamic Documents with {R} and knitr},
  author = {Yihui Xie},
  publisher = {Chapman and Hall/CRC},
  address = {Boca Raton, Florida},
  year = {2015},
  edition = {2nd},
  note = {ISBN 978-1498716963},
  url = {http://yihui.name/knitr/},
}
@book{wickham2017,
	author = {Hadley Wickham and Garrett Grolemund},
	title = {R for Data Science},
	year = {2017},
	publisher = {O'Reilly},
url = {https://ebookcentral.proquest.com/lib/zhaw/detail.action?docID=4770093}
}
@book{logan2010,
	author = {Murray Logan},
	title = {Biostatistical design and analysis using R : a practical guide},
	year = {2010},
	publisher = {Wiley-Blackwell},
url = {http://onlinelibrary.wiley.com/book/10.1002/9781444319620}
}
@book{crawley2015,
	author = {Michael J. Crawley},
	title = {Statistics: An introduction using R},
	year = {2015},
	publisher = {Wiley},
url = {http://onlinelibrary.wiley.com/book/10.1002/9781119941750}
}
	
	